@misc{Heroku,
  title = {{Heroku} Cloud Application Framework},
  year = {},
  howpublished = {\url{http://heroku.com}}
}

@misc{NodeJS,
  title = {{Node.js} project page},
  howpublished = {\url{http://nodejs.org/}}
}

@misc{Foreman,
  title = {{Foreman} GitHub repository},
  howpublished = {\url{http://github.com/ddollar/foreman}}
}

@misc{Jade,
  title = {{Jade} project page},
  howpublished = {http://jade-lang.com/}
}

@misc{Sass,
  title = {{Sass}, Systactically Awesome Stylesheets},
  howpublished = {http://sass-lang.com/}
}

@misc{Bootstrap,
  title = {{Bootstrap} project page },
  howpublished = {http://getbootstrap.com/}
}

@misc{Eclipse,
  title = {{Eclipse} IDE},
  howpublished = {http://www.eclipse.org/}
}

@misc{GoogleMaps,
  title = {{Google Maps} Javascript API v3},
  howpublished = {https://developers.google.com/maps/documentation/javascript/}
}

@misc{Transloadit,
  title = {{Transloadit}},
  howpublished = {https://transloadit.com/}
}

@misc{MongoDB,
  title = {{MongoDB}},
  howpublished = {http://mongodb.org/}
}

@misc{SQLite,
  title = {{SQLite}},
  howpublished = {http://sqlite.org/}
}